<record xmlns="http://www.loc.gov/MARC21/slim" xmlns:xsi="http://www.w3.org/2001/XMLSchema-instance" xsi:schemaLocation="http://www.loc.gov/MARC21/slim http://www.loc.gov/standards/marcxml/schema/MARC21slim.xsd">

  <leader>01386nam a2200277Ia 4500</leader>
  <controlfield tag="008">2010  bcr      xxua|||| |||| 00| 0 spa d</controlfield>
  <datafield ind1=" " ind2=" " tag="090">
    <subfield code="a">13.09.09 </subfield>
    <subfield code="b">1905</subfield>
  </datafield>
  <datafield tag="100" ind2=" " ind1="1">
    <subfield code="a">Cordero Cantillo, Rebeca</subfield>
    <subfield code="9">1924</subfield>
  </datafield>
  <datafield ind1="1" ind2="0" tag="245">
    <subfield code="a">Análisis de las funciones y valoración de la carga laboral del puesto docente a nivel de primaria, de las agremiadas y los agremiados de la Asociación Nacional de Educadores (ANDE) / </subfield>
    <subfield code="c">Rebeca Cordero Cantillo, Noilyn Molina Rojas, Wendy Páez Cerdas, Yensi Vargas Sandoval</subfield>
  </datafield>
  <datafield tag="260" ind2=" " ind1=" ">
    <subfield code="a">San Jose, Costa Rica :  </subfield>
    <subfield code="b">INIE, </subfield>
    <subfield code="c">2010</subfield>
  </datafield>
  <datafield ind2=" " tag="300" ind1=" ">
    <subfield code="a">79 páginas;</subfield>
    <subfield code="b">ilustraciones</subfield>
  </datafield>
  <datafield tag="500" ind2=" " ind1=" ">
    <subfield code="a">Informe final del Proyecto No. 724-A9-547</subfield>
  </datafield>
  <datafield ind1=" " ind2=" " tag="520">
    <subfield code="a">El presente informe ofrece los principales resultados de la investigación "Análisis de las funciones y valoración de la carga laboral del puesto docente a nivel de primaria, de las agremiadas y los agremiados de la asociación Nacional de Educadores (A</subfield>
  </datafield>
  <datafield ind1="1" tag="650" ind2="4">
    <subfield code="a">DOCENTES</subfield>
    <subfield code="9">331</subfield>
  </datafield>
  <datafield ind1="1" ind2="4" tag="650">
    <subfield code="a">SITUACIÓN DE LOS DOCENTES</subfield>
    <subfield code="9">1928</subfield>
  </datafield>
  <datafield ind2="4" tag="650" ind1="1">
    <subfield code="a">EDUCACIÓN PRIMARIA</subfield>
    <subfield code="9">367</subfield>
  </datafield>
  <datafield ind1="1" ind2="4" tag="650">
    <subfield code="a">ORGANIZACIONES DE DOCENTES </subfield>
    <subfield code="9">1926</subfield>
  </datafield>
  <datafield ind1="1" ind2="4" tag="650">
    <subfield code="a">DESCRIPCIÓN DEL CARGO </subfield>
    <subfield code="9">1925</subfield>
  </datafield>
  <datafield ind2="4" tag="650" ind1="1">
    <subfield code="a">ANÁLISIS DEL EMPLEO</subfield>
    <subfield code="9">1927</subfield>
  </datafield>
  <datafield ind1="1" tag="650" ind2="4">
    <subfield code="a">RECURSOS HUMANOS</subfield>
    <subfield code="9">1166</subfield>
  </datafield>
  <datafield ind1=" " tag="651" ind2="4">
    <subfield code="a">COSTA RICA</subfield>
    <subfield code="9">47</subfield>
  </datafield>
  <datafield ind2=" " tag="700" ind1="1">
    <subfield code="9">1106</subfield>
    <subfield code="a">Molina Rojas, Noilin</subfield>
  </datafield>
  <datafield ind1="1" ind2=" " tag="700">
    <subfield code="9">746</subfield>
    <subfield code="a">Vargas Sandoval, Yensi</subfield>
  </datafield>
  <datafield ind1="1" tag="700" ind2=" ">
    <subfield code="9">154</subfield>
    <subfield code="a"> Páez Cerdas, Wendy</subfield>
  </datafield>
  <datafield ind1=" " ind2=" " tag="942">
    <subfield code="2">z</subfield>
    <subfield code="c">04</subfield>
  </datafield>
  <datafield ind2=" " tag="999" ind1=" ">
    <subfield code="c">2093</subfield>
    <subfield code="d">2093</subfield>
  </datafield>
</record>